@misc{censo,
	title = "\url{http://www.ine.es/censos2011_datos/cen11_datos_microdatos.htm}",
}

@article{elbow-method1,
  title={EBK-means: A clustering technique based on elbow method and k-means in WSN},
  author={Bholowalia, Purnima and Kumar, Arvind},
  journal={International Journal of Computer Applications},
  volume={105},
  number={9},
  year={2014},
  publisher={Citeseer}
}

@article{elbow-method,
  title={EBK-means: A clustering technique based on elbow method and k-means in WSN},
  author={Bholowalia, Purnima and Kumar, Arvind},
  journal={International Journal of Computer Applications},
  volume={105},
  number={9},
  year={2014},
  publisher={Citeseer}
}

@inproceedings{zhang1996birch,
  title={BIRCH: an efficient data clustering method for very large databases},
  author={Zhang, Tian and Ramakrishnan, Raghu and Livny, Miron},
  booktitle={ACM Sigmod Record},
  volume={25},
  number={2},
  pages={103--114},
  year={1996},
  organization={ACM}
}


@misc{kmeans,
	title ="\url{https://scikit-learn.org/stable/modules/clustering.html#k-means}",
	year = "Consultado el 25 de noviembre",
}

@misc{ms,
	title = "\url{https://scikit-learn.org/stable/modules/clustering.html#mean-shift}",
	year = "Consultado el 25 de noviembre",
}

@misc{birch,
	title = "\url{https://scikit-learn.org/stable/modules/clustering.html#birch}",
	year = "Consultado el 25 de noviembre",
}

@misc{dbscan,
	title = "\url{https://scikit-learn.org/stable/modules/clustering.html#dbscan}",
	year = "Consultado el 26 de noviembre",
}

@misc{ward,
	title = "\url{https://scikit-learn.org/stable/modules/clustering.html#hierarchical-clustering}",
	year = "Consultado el 26 de noviembre",
}
