
@book{data_mining_book,
 author = {Aggarwal, Charu C.},
 title = {Data Mining: The Textbook},
 year = {2015},
 isbn = {3319141414, 9783319141411},
 publisher = {Springer Publishing Company, Incorporated},
}



@misc{catboost1,
	title = "\url{https://tech.yandex.com/catboost/doc/dg/concepts/python-reference_catboostclassifier-docpage/}",
	year = "Consultado el 2 de enero de 2019"
}

@misc{sklearn,
	title = "\url{https://scikit-learn.org/stable/supervised_learning.html#supervised-learning}",
}

@misc{foro,
	title = "\url{https://community.drivendata.org/c/pump-it-up-data-mining-the-water-table}",
}
