@misc{w3shtml,
	title = "\url{https://www.w3schools.com/html}",
	year = "consultado entre el 10 de marzo y el 15 de abril",
}

@misc{w3scss,
	title = "\url{https://www.w3schools.com/css}",
	year = "consultado entre el 10 de marzo y el 15 de abril",
}


